@inproceedings{ex,
author={Toto, J.},
title={The title},
year={2012},
booktitle={Proceedings of {DummyConf}'12},
address={Paris}
}
